@online{cite_key, 
    author = {Jonas MÃ¶nnig},
    title = {How to Cite a Website with BibTeX},
    year = 2016,
    url = {https://jonas-moennig.de/how-to-cite-a-website-with-bibtex/ },
    urldate = {2016-07-26}
}